1592 2855
701 91 742 150 )(
782 89 838 145 ι4
871 93 912 148 )(
1127 149 1139 164 ,

138 176 221 211 eo,
258 153 500 218 quiregiis
549 163 750 216 praeerat
799 155 919 215 typis
939 185 951 206 ,
1008 162 1226 214 rescripto
1258 154 1478 202 praesidis

139 222 426 268 interdictum
458 220 560 273 sihi,
600 228 650 263 ut
683 220 730 262 in
763 234 897 279 opere
930 215 1133 263 cudendo
1168 235 1300 279 opera
1345 219 1483 264 collo-

139 297 340 331 caretur.
368 284 428 328 Et
461 284 568 326 haec
603 282 676 326 ille
711 280 941 341 trepidans
967 315 979 336 ,
1019 281 1291 343 nolentiquerf
1309 282 1479 336 similis,

142 360 195 395 ut
227 350 435 412 collegam
467 348 523 392 de
556 347 741 396 recenti,
767 353 960 390 veterem
982 345 1169 389 amicum
1204 347 1329 390 facile
1352 363 1486 408 agno-

142 430 281 458 scetes
306 445 318 465 ‚
356 412 614 457 subrisimus
649 409 706 453 ad
737 410 873 461 haec,
928 419 1086 471 utpote
1120 411 1282 469 quibus
1317 411 1487 471 jamdiu

144 476 370 522 insederat
402 478 576 528 animo,
614 473 670 516 de
703 473 837 517 tantis
871 475 1127 536 ambagibus
1152 504 1164 525 ‚
1216 477 1252 517 si
1286 492 1372 536 qua
1406 476 1487 520 ho-

140 549 271 585 nesto
306 543 404 585 viro
438 539 571 600 digna
604 540 714 581 rima
748 539 962 598 patuisset
982 573 993 593 ‚
1031 538 1189 599 pedem
1221 540 1486 595 retrahere3

140 615 187 650 et
219 606 257 648 si
290 606 403 665 quid
437 604 666 664 temporis⁷
693 610 770 644 aut
803 600 1044 647 voluntatis
1082 602 1329 661 reliquum,
1370 621 1491 653 seor-

141 685 235 714 sum
269 669 319 713 id
351 671 411 714 ab
444 668 661 720 aliorum,
698 680 787 708 non
822 667 1027 720 consilio,
1066 666 1141 709 sed
1176 669 1382 720 arbitrio,
1410 670 1490 712 im—

141 732 372 795 pendere.
396 729 775 793 Quandoquidem
814 741 971 775 notum
1005 732 1275 790 experientia
1297 763 1309 784 ,
1347 735 1502 794 magnis

140 798 332 840 nominis
367 798 607 840 societates
624 795 790 853 magnis
813 795 1076 853 'plerumque
1098 795 1276 839 obstare
1311 797 1492 858 incoep-

143 859 232 913 tis,
278 878 378 904 cum
409 858 571 919 singuli
605 858 660 900 ad
681 874 724 900 se
747 859 922 902 trahere
957 860 1160 902 universa
1196 860 1488 916 contendant,

144 933 190 967 et
225 925 336 968 nulli
369 931 435 966 sat
468 923 633 966 virium
666 930 857 964 caeteros
905 924 952 965 iu
1001 923 1144 965 officio
1195 923 1456 967 continendi
1477 954 1489 971 2

146 987 217 1031 Ex
251 1004 342 1046 quo
378 988 507 1030 unius
552 985 804 1029 dominatus
827 1017 840 1037 ‚
894 986 963 1029 vel
1016 1002 1175 1046 parum
1209 986 1455 1031 tolerabilis
1479 1024 1492 1043 ‚

146 1054 199 1098 iis
232 1052 324 1094 sine
359 1051 638 1094 cunctatione
687 1049 1052 1108 anteponendus,
1109 1051 1156 1091 in
1211 1048 1372 1109 quibus
1394 1082 1407 1103 ‚
1443 1063 1494 1097 ut

147 1116 260 1160 boni
297 1116 478 1158 sortasse
513 1114 664 1175 plures
697 1112 938 1166 emineant,
961 1115 1104 1158 minus
1142 1122 1286 1160 tamen
1317 1115 1386 1159 his
1419 1105 1497 1160 aii-

151 1181 370 1223 ctoritatis
405 1178 460 1220 ad
493 1178 673 1221 meliora
706 1178 1056 1237 promovendum
1078 1210 1088 1230 ,
1127 1195 1262 1237 quam
1303 1182 1381 1223 uni
1414 1179 1497 1225 im·

154 1243 301 1303 probo
334 1242 392 1283 ad
425 1240 784 1300 impediendum.

283 1305 423 1348 Vultu
457 1305 636 1348 interim
670 1303 727 1346 ad
763 1306 1071 1348 amoenitatem
1116 1306 1359 1364 composito
1381 1341 1391 1360 ,
1430 1309 1498 1351 ni-

152 1368 216 1411 hil
251 1372 476 1428 optatius7
503 1369 741 1427 inquimus,
769 1368 965 1412 accidere
987 1368 1114 1410 nobis
1135 1370 1330 1427 potu1sse
1366 1372 1498 1415 Prae-

154 1431 260 1476 Sidis
296 1433 537 1477 interdicto
574 1431 935 1492 prudentissimo,
957 1430 1321 1491 quandoquidem
1353 1452 1492 1489 mora,

154 1504 199 1538 et
235 1505 432 1558 tempore
465 1497 594 1540 nobis
642 1513 752 1556 opus
778 1531 789 1551 ‚
827 1513 917 1557 quo
951 1497 1094 1555 operis
1149 1503 1234 1544 τῆς
1287 1497 1498 1556 σφάλμασι

152 1577 246 1605 non
278 1564 432 1623 paucis
466 1577 826 1615 occurreremus3
862 1559 1026 1619 quibus
1059 1558 1249 1617 denique
1285 1561 1456 1606 artibus
1481 1598 1493 1617 ‚

155 1627 246 1669 sine
283 1625 388 1669 dolo
420 1626 534 1669 malo
559 1655 570 1676 ‚
623 1625 825 1668 effectum
851 1656 862 1676 ,
919 1632 968 1667 ut
1000 1627 1311 1681 quaterniones
1353 1631 1497 1672 nostri

155 1691 248 1734 sine
281 1691 445 1749 injuria
479 1689 694 1750 repetiti,
731 1691 833 1733 sine'
857 1688 1104 1750 suspicione
1137 1689 1429 1735 redderentur
1451 1725 1460 1736 .

762 1816 894 1860 XIII.
926 1864 929 1867 s

286 1949 459 1991 Rumor
493 1955 594 2005 post
628 1945 733 1988 haec
768 1944 1019 2002 increbuit,
1056 1944 1273 1986 nobismet
1306 1950 1497 1992 auctori-

162 2007 244 2050 bus
263 2044 275 2066 ,
313 2011 624 2072 quaterniones
659 2025 807 2054 omnes
848 2016 1020 2055 nostros
1051 2005 1311 2067 Lapidarios
1344 2027 1500 2072 rogum

164 2072 284 2121 uitro
316 2072 619 2118 conscendisse
642 2092 664 2126 ‚⁷
707 2071 909 2133 exemplo
942 2071 1017 2114 abs
1063 2068 1312 2117 Tiberianis
1362 2092 1503 2135 usque

163 2140 438 2201 tempo-ribus
471 2136 687 2192 inducto,
740 2153 829 2196 quo
879 2138 964 2180 viri
1012 2136 1217 2180 clariores
1238 2167 1248 2187 ,
1305 2139 1497 2181 insontes

163 2202 315 2256 iuxta,
352 2210 647 2260 nocentesque
668 2233 679 2253 ‚
718 2201 773 2244 ad
805 2200 1084 2244 necessariam
1116 2201 1460 2258 praecavendam
1479 2235 1492 2256 ‚

163 2267 459 2311 voluntariam
492 2266 578 2325 ipsi
614 2266 698 2310 sibi
741 2272 926 2308 mortem
958 2263 1236 2307 consciehant
1262 2298 1270 2307 .
1309 2265 1496 2308 Factum

168 2344 291 2391 aegre
323 2330 562 2376 admodum
595 2329 735 2376 tulere
767 2326 969 2389 Collegae
999 2327 1203 2391 plerique
1235 2330 1399 2395 nosti-il
1417 2345 1506 2375 nee
