1592 2855
689 58 708 114 (
752 58 804 101 13
870 56 873 59 ⁴

106 127 162 162 ne
196 116 250 161 de
270 127 448 178 recepto
480 135 599 163 more
634 56 946 172 rgcederexiius,
972 120 1166 165 Praesidi
1199 138 1345 170 eoram
1379 132 1438 172 si«

106 183 274 233 stimns,
301 183 439 232 enixe,
477 184 698 242 amiceque
733 184 917 245 precati,
956 193 1006 228 ut
1038 186 1073 228 si
1106 187 1216 245 quid
1256 193 1377 236 xa‘cui
1410 210 1434 237 a

105 246 238 295 curis,
259 244 407 290 oculos
439 247 485 290 in
520 263 567 289 ea
600 247 713 290 serio
746 249 1000 306 conjiceret,
1025 257 1068 292 et
1087 251 1257 309 siquid
1290 257 1434 299 minus

103 309 359 368 probatum,
379 309 516 355 libere
551 309 742 362 deleret,
768 311 1090 366 emendarem-e,
1117 312 1184 357 vel
1219 326 1335 360 certe
1358 336 1435 378 pa·-

100 373 264 415 tienter
296 374 686 417 commonefaceret
709 406 719 417 .
742 375 1034 434 Expectatum
1082 376 1160 421 diu
1182 411 1193 430 ,
1249 380 1433 424 frustra-

97 449 185 491 que
213 469 221 478 .
249 437 398 480 Morae
432 436 607 480 tandem
651 440 871 499 pertaesi,
926 441 1162 501 typografo
1212 446 1352 488 acrius
1386 447 1434 489 in

98 497 191 541 dies
225 503 429 553 instante,
470 502 553 561 ipsi
588 518 668 561 per
694 519 777 547 sios
811 502 1061 547 praesidem
1097 503 1266 549 adimus
1292 539 1303 557 ,
1342 523 1431 553 non

97 561 188 606 sine
224 564 323 606 mali
358 566 607 624 suspicione
640 564 804 623 aliqua,
843 566 911 609 vel
942 570 1076 629 magis
1122 575 1431 628 praesensione

94 637 214 672 certa
240 627 454 688 (Ecquid
487 630 553 671 rei
585 644 756 671 moram
790 629 952 681 faciat,
1008 630 1202 676 modeste
1237 636 1431 681 sciscita-

93 704 194 735 mur
216 727 225 736 .
254 691 370 735 Tum
404 692 477 735 ille
500 723 511 742 ‚
549 691 745 734 detracta
781 708 966 751 persona
991 724 1005 744 ,
1040 703 1085 737 et
1119 711 1284 740 errores
1305 731 1316 750 ,
1354 715 1429 744 ne..

90 755 179 796 scio
211 770 320 814 quos
343 787 354 806 ,
393 763 610 796 caussatus
633 783 645 802 ,
682 769 772 796 non
809 756 972 813 privati
1006 757 1116 810 juris
1140 786 1152 806 ,
1190 761 1385 804 intonuit
1412 792 1424 811 ‚

88 816 165 859 sed
200 818 429 862 Societatis
464 819 688 860 universae
717 831 828 876 opus
864 832 952 860 esse
981 827 1188 877 oportere
1207 853 1217 862 .
1245 820 1335 863 Nos
1370 824 1428 869 ad·

87 878 194 924 haec
227 885 391 943 paucis:
415 883 449 924 si
484 880 596 940 quid
631 883 675 924 in
710 896 845 940 opere
883 890 1128 940 peccatum,
1151 883 1295 928 adhuc
1318 901 1427 945 poe-

86 945 301 989 nitentiae
334 945 479 989 locum
512 945 630 987 sore:
658 942 713 987 ad
737 944 966 988 societatis
1000 949 1116 1004 jura,
1141 943 1427 1008 dignitatem-

85 1022 171 1064 que
206 1009 327 1070 quod
361 1011 606 1070 pertineret
631 1039 642 1059 ,
681 1006 851 1051 idcirco
885 1008 1075 1052 auctoris
1097 1027 1257 1055 nomen
1293 1015 1420 1073 operi

85 1072 265 1117 minimo
297 1075 539 1133 praefixum
562 1106 575 1128 ,
612 1090 666 1116 ne
701 1070 813 1131 quid.
862 1070 966 1114 inde
1001 1071 1170 1118 fraudis
1204 1075 1269 1121 illi
1314 1093 1422 1122 con-

83 1136 276 1200 tingeret
301 1170 311 1180 .

691 1259 800 1304 XII.

207 1391 320 1435 Rem
356 1407 529 1435 omnem
562 1392 741 1451 penitus
775 1388 970 1442 tandem,
1008 1400 1058 1435 ut
1092 1402 1205 1448 erat,
1244 1394 1414 1439 intelle-

79 1458 216 1500 ximus
239 1489 247 1498 .
274 1456 454 1516 Quippe
488 1458 566 1514 qui
600 1454 655 1497 ad
689 1453 736 1496 id
771 1470 907 1513 usque
942 1457 1157 1516 temporis
1192 1475 1414 1520 praesum-

75 1535 297 1580 pseramus
329 1522 473 1562 animo
521 1535 691 1580 semper
714 1551 726 1571 ,
766 1517 1016 1561 Praesidem
1070 1529 1268 1565 nostrum
1321 1522 1418 1567 fore>

74 1583 210 1636 olim,
248 1593 296 1626 ut
327 1583 618 1635 emolliretur,
643 1598 730 1625 non
764 1591 853 1625 tam
886 1582 1100 1642 obsequio
1135 1593 1305 1636 nostro,
1337 1604 1416 1647 pa-

74 1647 319 1706 tientiaque
352 1647 560 1691 delinitus
585 1677 597 1699 ,
645 1663 776 1705 quam
809 1646 874 1689 rei
912 1645 1107 1689 literarie
1161 1647 1278 1691 hono
1313 1666 1415 1709 per-

75 1719 244 1763 motus,
282 1710 403 1770 quod
438 1713 523 1772 ipsi
556 1710 859 1771 qualecunque
895 1713 1181 1771 procuraturi
1218 1712 1300 1757 hoc
1336 1731 1414 1758 no-

79 1782 172 1817 stro
205 1774 354 1818 labore
389 1775 617 1820 fuissemus
641 1806 651 1826 ,
677 1791 768 1817 non
800 1775 893 1817 sine
927 1775 994 1816 sui
1020 1806 1031 1826 ,
1091 1775 1417 1837 societatisque

76 1839 301 1882 universae
336 1837 731 1899 dignitate'aliqua
754 1868 767 1889 ,
807 1854 857 1881 ac
889 1836 1125 1897 splendore
1148 1873 1158 1882 .
1185 1839 1273 1883 Sed
1310 1839 1416 1901 pro-

74 1903 174 1946 nius
205 1902 332 1962 longe
365 1903 522 1958 multo,
559 1912 660 1948 vota
694 1904 952 1961 concipere,
993 1918 1125 1960 quam
1159 1903 1376 1948 exsolvere
1396 1942 1408 1952 .

73 1964 195 2028 Ergo
226 1966 344 2009 haud
377 1985 498 2012 mora
517 2000 529 2021 ,
564 1975 682 2011 recta
719 1964 775 2008 ad
808 1966 978 2025 regium
1025 1966 1086 2007 ‘to‘
1116 1972 1413 2026 τυπογροιφῗιον

76 2034 295 2092 pergimus
324 2063 335 2084 ,
371 2033 639 2091 αὐτᾶφραφον
670 2038 899 2081 nostrum,
938 2029 1029 2072 sine
1079 2029 1210 2072 ullius
1245 2031 1411 2086 injuria

75 2094 343 2155 repetituri.
369 2092 607 2155 Indignum
639 2097 811 2154 quippe
844 2094 984 2135 visum
1008 2124 1020 2144 ,
1076 2093 1290 2138 invidiam
1324 2111 1409 2154 pro

75 2160 210 2217 gratia
234 2191 244 2211 ‚
285 2157 542 2201 maleficium
576 2173 660 2215 pro
694 2158 844 2200 labore
878 2155 1040 2200 reddi.
1408 2201 1410 2204 ,

194 2221 288 2266 Huc
321 2220 478 2265 delatis
512 2238 579 2265 res
614 2222 757 2264 adhuc
800 2220 1026 2279 indignior
1080 2222 1310 2271 occurrit,
1348 2219 1404 2266 de

67 2299 154 2344 qua
186 2301 262 2331 nec
295 2287 507 2349 suspicari
539 2286 702 2336 licebat
724 2319 734 2329 .
761 2285 1080 2330 Renuntiatum
1127 2283 1319 2348 scilicet-s
1341 2283 1400 2328 ab
