1592 2855
623 255 666 317 ><
704 256 758 302 ιε
797 252 838 319 ><

54 322 217 374 verbis,
244 319 615 382 querimoniisque
646 326 692 366 in
727 339 793 367 me
828 323 1046 384 parcitum
1070 320 1126 366 ab
1161 321 1259 368 illis:
1287 330 1387 385 quj-

52 388 135 431 hus
170 387 371 430 omnibus
419 383 575 427 solatio
625 386 710 430 fuit
736 420 747 440 ‚
784 385 831 429 id
867 387 1015 430 fecisse
1050 388 1161 433 visos
1185 419 1196 441 ⁷
1235 406 1384 433 rerum

51 456 306 494 nostrarum
340 448 577 498 desiderio,
617 449 735 494 haud
768 450 873 495 odio
922 453 1095 494 nostri.
1138 451 1203 496 Ea
1237 469 1384 496 rerum

52 529 215 558 summa
242 548 252 558 .
291 512 377 557 Sed
410 511 618 556 historiae
651 531 807 560 munus
858 517 1145 575 praecipuum
1165 550 1176 569 ,
1213 533 1282 559 res
1314 532 1385 577 ge-

51 586 137 622 stas
185 580 247 621 ita
293 593 560 627 memorare,
617 587 665 621 ut
715 577 889 622 illarum
942 595 1087 633 causas
1135 597 1381 641 germanas,

50 639 236 685 latentes
273 641 547 702 potissimum
571 672 582 692 ‚
634 658 745 700 quae
790 642 1015 687 hominum
1061 644 1234 704 ingenia
1258 675 1269 695 ‚
1308 661 1386 688 vo-

49 703 331 767 luntatesque
351 737 362 757 ,
400 721 485 764 pro
519 720 593 746 sua
629 711 838 765 cujusque
872 705 1039 759 indole,
1076 717 1237 767 regunt
1257 738 1269 758 ,
1306 708 1387 750 im-

50 767 295 828 pelluntve‚
333 768 496 825 prodat
529 767 574 807 in
609 770 808 826 apricum
832 799 843 820 ‚
882 783 970 826 quo
1015 771 1238 828 quisque,
1278 777 1387 810 tam-

49 837 183 890 quam
217 834 263 875 in
298 829 476 891 speculo
499 864 509 883 ‚
562 830 851 890 contemplari
900 848 970 882 se,
1025 846 1265 891 cavereque
1317 830 1387 873 di-

50 904 139 938 scat
161 929 170 939 .
197 895 318 955 Quid
353 896 489 952 igitur
523 894 649 953 operi
684 903 836 938 nostro
871 895 1151 954 naufragium
1182 911 1287 940 vere
1321 892 1387 938 fe·-

50 961 183 1012 cerit,
209 958 320 1019 quid
352 975 402 1000 ex
424 957 608 1002 adverso
641 966 915 1017 praetextum
936 958 993 1002 ab
1014 975 1079 1012 eo,
1110 966 1233 1019 cujus
1266 959 1387 1004 evul-

49 1024 144 1086 gari
179 1023 290 1068 illud
324 1021 443 1064 haud
478 1022 715 1072 intererat,
740 1022 827 1067 fide
862 1023 1011 1067 eadem
1044 1039 1380 1086 prosequamur,

48 1105 138 1148 qua
171 1096 340 1132 caetera
373 1087 596 1147 prosecuti
630 1086 838 1136 hactenus
872 1102 1018 1132 sumus
1038 1120 1047 1129 .

656 1211 784 1257 XIV.

179 1343 387 1390 Monitum
410 1341 536 1402 operi
555 1339 886 1401 praefigendum
919 1357 1238 1397 curaveramuS,
1263 1344 1387 1405 quod

55 1405 139 1451 tale
173 1413 238 1448 est
265 1439 275 1448 .

535 1533 917 1576 MONJTUM

179 1659 320 1704 Musei
355 1659 595 1706 Borhonici
630 1660 837 1722 Lapide5‚
875 1676 1059 1720 aeraque
1074 1659 1249 1706 literata
1285 1667 1382 1710 uni-

50 1740 172 1767 'versa
192 1756 202 1775 ,
239 1729 389 1787 magna
423 1727 488 1768 sui
521 1735 648 1786 parte
688 1725 983 1769 delitescentia
1017 1725 1254 1782 hactenus,
1292 1727 1381 1772 luci

50 1787 270 1832 literariae
304 1789 491 1832 reddere
514 1822 526 1842 7
564 1807 648 1850 pro
682 1788 859 1832 modulo
892 1798 1064 1843 nostro,
1100 1793 1380 1851 propositum

50 1861 115 1894 ost
139 1882 152 1902 ,
189 1853 365 1911 quando
400 1870 548 1899 curam
579 1855 691 1897 hanc
725 1854 865 1898 visum
912 1852 1000 1897 fuit
1041 1854 1170 1897 nohis
1205 1855 1382 1900 deman-

52 1916 179 1958 dari.
205 1917 302 1976 Quo
337 1921 382 1961 in
415 1918 672 1978 exequendo
705 1919 965 1977 proposito,
1017 1917 1107 1961 duo
1139 1923 1379 1981 praecipue

51 1982 293 2024 curavimus
319 2012 330 2032 ‚
398 1984 444 2024 i'n
496 1983 659 2042 quibus
707 1983 770 2024 rei
805 1981 1115 2041 epigraphicae
1148 1984 1239 2026 vim
1283 2001 1378 2029 om-

51 2061 178 2097 nem⁷
215 2061 507 2107 summamque
539 2047 806 2108 repositam²
845 2044 970 2088 facile
1005 2048 1279 2092 consentient
1312 2050 1378 2092 vi—

52 2110 94 2152 ri
117 2109 307 2157 eruditi.

177 2173 461 2235 Monumenta
495 2175 541 2218 in
574 2174 728 2235 primis
760 2175 905 2216 omnia
928 2206 940 2226 ⁷
978 2190 1090 2234 quae
1143 2172 1378 2221 doctorum

53 2235 188 2279 oculis
220 2238 437 2296 subjicere
470 2248 533 2282 est
566 2238 757 2290 animm,
797 2238 880 2297 ipsi
912 2254 991 2298 per
1032 2252 1136 2290 nos,
1173 2253 1259 2296 qua
1297 2257 1386 2300 po-v>

6 2306 7 2309 ’
51 2301 211 2344 mimus
233 2332 243 2352 ,
277 2303 364 2346 fide
384 2337 394 2356 ⁷
449 2303 766 2363 diligentiaque
801 2307 962 2360 majore
983 2335 994 2355 ,
1032 2303 1333 2364 exscripsimus
1361 2339 1370 2348 .

51 2361 117 2407 De
150 2364 296 2425 Regiis
344 2367 503 2412 deinde
545 2366 823 2427 Hypogaeis,
861 2383 951 2426 quo
999 2368 1244 2430 promiscue
1291 2386 1368 2411 an-

11 2476 12 2479 *
52 2434 125 2477 te,
162 2433 482 2492 acervatimque
505 2431 739 2489 jacebant,
778 2441 903 2476 eruta
937 2434 981 2475 in
1016 2433 1172 2485 lucem,
1210 2435 1369 2480 iterum

53 2490 327 2553 iterumque,
367 2496 516 2540 alienis
550 2511 734 2556 quoquo
768 2496 903 2542 oculis
937 2496 1113 2558 adjuti,
1151 2496 1367 2542 consulu-i·
