1592 2855
667 183 846 242 )(5)(

91 263 213 303 una,
264 246 485 305 alteraque
533 248 945 290 commentariorum
989 254 1237 291 nostrorum
1271 251 1423 309 piacu-

93 310 184 355 lum
218 311 273 354 de
308 319 491 372 repente
524 309 654 353 nullis
689 310 845 354 exhinc
878 310 1033 353 hostiis
1066 311 1331 371 expiandum
1353 348 1362 358 .

219 375 270 419 In
307 373 506 417 Tabulae
538 389 692 418 aeneae
713 372 961 435 Oppidensi
998 383 1123 433 parte
1158 391 1260 426 una⁷
1287 393 1418 435 quam

89 439 162 483 Υἰι·
196 439 350 483 doctus
387 442 628 482 Juramenti
667 439 879 481 Tabulam
914 438 1101 488 dixerat,
1142 441 1226 500 ipsi
1266 441 1418 485 Plebi-

88 506 240 546 scitnm
271 503 408 546 latere
443 502 711 546 ostendimus
746 504 804 546 de
846 517 894 546 re
929 504 1142 546 vestiaria
1168 536 1179 556 ,
1228 503 1326 546 orbi
1360 505 1417 548 li-

88 573 229 610 terato
262 567 471 610 haetenus
504 566 782 611 inauditum:
819 574 864 609 et
896 576 1068 626 partem
1101 583 1296 611 aversam
1322 566 1362 610 T
1364 587 1411 612 a-

89 629 217 674 bulae
249 629 442 674 eiusdem
462 662 472 681 ,
510 645 641 689 quam
674 632 744 674 vir
777 629 893 673 idem
926 630 1263 681 laudatissimus,
1307 633 1417 675 Vol-

84 705 272 737 scentem
303 694 407 736 olim
442 701 691 752 putaverat,
717 697 896 737 Lucano
930 711 1006 737 nos
1039 695 1188 752 potius
1209 694 1416 739 decurre-

83 773 133 799 re
167 757 374 800 idiomate
407 757 541 815 primi
574 757 881 800 contendimus
913 757 980 816 (a)
1002 790 1010 796 .
1049 757 1220 801 Neutra
1254 759 1299 798 in
1335 776 1410 810 re,

80 837 137 863 :ne
170 822 268 880 quis
302 818 529 863 offensioni
561 819 680 863 locus
713 827 853 870 esset,
893 818 991 862 Viri
1025 818 1182 864 iniecta
1217 821 1411 872 mentio,

81 898 213 943 quem
246 884 350 928 alias
373 916 383 935 ‚
424 892 473 926 ut
505 900 594 927 sese
628 884 796 927 occasio
831 882 1040 934 dederat,
1078 900 1317 943 numquam
1351 888 1416 929 si-

82 964 138 990 ne
172 947 312 992 laudis
347 948 496 991 officio
530 946 737 991 incedere
770 949 1027 990 iusseramus
1052 981 1064 990 .

207 1011 301 1072 Ipsi
332 1013 508 1053 interim
541 1010 705 1053 nullius
756 1010 977 1053 nobismet
1023 1027 1159 1055 noxae
1204 1014 1405 1067 conscii,

79 1074 303 1119 hominem
339 1074 498 1126 colere,
523 1074 754 1119 Societatis
791 1073 986 1117 praesidi
1021 1073 1274 1136 adsurgere,
1303 1094 1408 1135 pro-

76 1154 165 1196 que
198 1138 353 1183 debito
403 1139 625 1196 obsequi.
685 1139 851 1181 Verum
904 1139 1173 1196 experientia
1207 1154 1407 1199 comper-

77 1210 174 1245 tum
198 1236 209 1255 ‚
245 1204 324 1261 qui
358 1202 580 1261 dignitate
629 1200 724 1243 aliis
759 1208 986 1261 praestan-t
1006 1235 1018 1254 ‚
1074 1201 1151 1243 hos
1183 1201 1410 1249 nullarum

79 1266 170 1309 fere
191 1266 451 1309 iniuriarum
484 1263 830 1308 ulciscendarum
862 1265 1193 1324 appetentiores
1217 1297 1232 1317 r
1269 1282 1440 1326 quam

76 1345 182 1387 quas
231 1332 317 1390 ipsi
369 1330 542 1382 fecere,
578 1337 629 1372 ut
677 1328 957 1378 ulciscendo,
1003 1328 1155 1371 tulisse
1198 1345 1242 1372 se
1265 1362 1279 1383 ‚
1315 1347 1405 1376 noa

78 1394 276 1437 intulisse
310 1393 546 1437 videantur
573 1427 582 1435 .
622 1392 735 1436 Nam
770 1391 930 1435 adduci
966 1392 1039 1436 ille
1072 1407 1115 1435 se
1163 1410 1402 1454 numquam

71 1457 439 1518 posthac-passus
473 1466 538 1501 est
561 1489 572 1510 ‚
610 1467 660 1501 ut
702 1455 1034 1499 Commentariis
1082 1460 1249 1501 nostris
1281 1458 1403 1507 locus

73 1530 182 1565 esset
215 1523 262 1566 in
297 1523 403 1566 actis
427 1552 438 1573 ‚
478 1537 666 1580 quorum
716 1519 941 1579 implendo
989 1521 1203 1565 volumini
1235 1538 1401 1584 perop-

71 1593 262 1645 portuna
287 1619 300 1639 ,
357 1586 443 1629 viri
476 1585 523 1628 in
554 1586 708 1646 primis
756 1584 1027 1645 integerrimi
1061 1585 1260 1628 Caietani
1293 1586 1400 1631 Car-

73 1650 186 1692 canii
218 1650 414 1703 iudicio,
451 1651 776 1702 censebantur3
812 1658 857 1692 et
890 1650 935 1691 in
987 1650 1211 1710 plerisque
1237 1681 1248 1702 ‚
1286 1666 1398 1708 quae

70 1728 148 1755 nos
182 1716 418 1758 attinerent
441 1748 453 1767 ,
490 1730 693 1774 suspensa
727 1728 926 1772 semper,
963 1723 1008 1757 et
1041 1714 1227 1756 obscura
1263 1713 1394 1759 Prae-

69 1775 178 1819 sidis
211 1778 376 1832 verba,
414 1777 639 1821 interdum
673 1776 805 1820 etiam
837 1776 1032 1821 infensae
1065 1775 1306 1821 voluntatis
1339 1782 1396 1826 si-,

68 1856 151 1899 gna
183 1843 356 1884 minime
388 1843 591 1903 ambigua
616 1874 626 1884 .
675 1839 806 1883 Unde
850 1841 1081 1885 consilium
1134 1840 1325 1901 denique
1361 1846 1398 1886 i>-

67 1905 208 1948 nitum
239 1906 561 1950 commentaria
596 1906 747 1966 typis,
783 1905 1015 1964 impendio
1053 1913 1231 1957 nostro,
1270 1908 1395 1950 evul-

66 1968 230 2026 gandi,
266 1970 389 2029 quod
423 1970 658 2023 effectum,
696 1968 938 2013 inclinante
972 1970 1058 2013 iam
1091 1985 1209 2012 anno
1251 1976 1390 2032 1819.

685 2094 769 2139 111.

183 2228 312 2270 Anno
344 2221 852 2286 proximeinsequente,
890 2233 1034 2268 actum
1058 2256 1071 2278 ,
1109 2233 1159 2269 ut
1192 2225 1248 2269 de
1295 2228 1391 2270 Ad-

55 2416 139 2473 (a)
171 2415 223 2460 In
257 2427 389 2462 veter.
428 2433 611 2462 monwn.
654 2420 950 2464 commentar.
994 2434 1031 2462 ι,
1078 2434 1146 2465 1v.
1185 2426 1230 2463 et
1268 2433 1310 2462 v.
